@article{Gao_2018,
  author       = {Shuyang Gao and
                  Rob Brekelmans and
                  Greg Ver Steeg and
                  Aram Galstyan},
  title        = {Auto-Encoding Total Correlation Explanation},
  journal      = {CoRR},
  volume       = {abs/1802.05822},
  year         = {2018},
  url          = {http://arxiv.org/abs/1802.05822},
  eprinttype    = {arXiv},
  eprint       = {1802.05822},
  timestamp    = {Mon, 13 Aug 2018 16:47:34 +0200},
  biburl       = {https://dblp.org/rec/journals/corr/abs-1802-05822.bib},
  bibsource    = {dblp computer science bibliography, https://dblp.org}
}

@article{Bengio_2013,
  author       = {Yoshua Bengio and
                  Aaron C. Courville and
                  Pascal Vincent},
  title        = {Unsupervised Feature Learning and Deep Learning: {A} Review and New
                  Perspectives},
  journal      = {CoRR},
  volume       = {abs/1206.5538},
  year         = {2012},
  url          = {http://arxiv.org/abs/1206.5538},
  eprinttype    = {arXiv},
  eprint       = {1206.5538},
  timestamp    = {Mon, 13 Aug 2018 16:47:42 +0200},
  biburl       = {https://dblp.org/rec/journals/corr/abs-1206-5538.bib},
  bibsource    = {dblp computer science bibliography, https://dblp.org}
}

@misc{FactorVAE,
      title={Disentangling by Factorising},
      author={Hyunjik Kim and Andriy Mnih},
      year={2019},
      eprint={1802.05983},
      archivePrefix={arXiv},
      primaryClass={stat.ML}
}

@inproceedings{betaVAE,
title={beta-{VAE}: Learning Basic Visual Concepts with a Constrained Variational Framework},
author={Irina Higgins and Loic Matthey and Arka Pal and Christopher Burgess and Xavier Glorot and Matthew Botvinick and Shakir Mohamed and Alexander Lerchner},
booktitle={International Conference on Learning Representations},
year=2017,
url={https://openreview.net/forum?id=Sy2fzU9gl}
}

@inproceedings{DCI,
title={A framework for the quantitative evaluation of disentangled representations},
author={Cian Eastwood and Christopher K. I. Williams},
booktitle={International Conference on Learning Representations},
year={2018},
url={https://openreview.net/forum?id=By-7dz-AZ},
}

@article{WSEPIN,
  author       = {Kien Do and
                  Truyen Tran},
  title        = {Theory and Evaluation Metrics for Learning Disentangled Representations},
  journal      = {CoRR},
  volume       = {abs/1908.09961},
  year         = {2019},
  url          = {http://arxiv.org/abs/1908.09961},
  eprinttype    = {arXiv},
  eprint       = {1908.09961},
  timestamp    = {Thu, 29 Aug 2019 16:32:34 +0200},
  biburl       = {https://dblp.org/rec/journals/corr/abs-1908-09961.bib},
  bibsource    = {dblp computer science bibliography, https://dblp.org}
}

@misc{VAE_foundational,
      title={Auto-Encoding Variational Bayes},
      author={Diederik P Kingma and Max Welling},
      year={2022},
      eprint={1312.6114},
      archivePrefix={arXiv},
      primaryClass={stat.ML}
}

@article{VAE_explained,
        doi = {10.1561/2200000056},
        url = {https://doi.org/10.1561%2F2200000056},
        year = 2019,
        publisher = {Now Publishers},
        volume = {12},
        number = {4},
        pages = {307--392},
        author = {Diederik P. Kingma and Max Welling},
        title = {An Introduction to Variational Autoencoders},
        journal = {Foundations and Trends{\textregistered} in Machine Learning}
}


@misc{meo2023tcvae,
      title={TC-VAE: Uncovering Out-of-Distribution Data Generative Factors},
      author={Cristian Meo and Anirudh Goyal and Justin Dauwels},
      year={2023},
      eprint={2304.04103},
      archivePrefix={arXiv},
      primaryClass={cs.LG}
}

@misc{achille2018emergence,
      title={Emergence of Invariance and Disentanglement in Deep Representations},
      author={Alessandro Achille and Stefano Soatto},
      year={2018},
      eprint={1706.01350},
      archivePrefix={arXiv},
      primaryClass={cs.LG}
}

@ARTICLE{TC_Wantanabe,
  author={Watanabe, Satosi},
  journal={IBM Journal of Research and Development},
  title={Information Theoretical Analysis of Multivariate Correlation},
  year={1960},
  volume={4},
  number={1},
  pages={66-82},
  doi={10.1147/rd.41.0066}}

@misc{3dshapes18,
  title={3D Shapes Dataset},
  author={Burgess, Chris and Kim, Hyunjik},
  howpublished={https://github.com/deepmind/3dshapes-dataset/},
  year={2018}
}
